<record><leader>00000cas a22000007a 4500</leader><controlfield tag="001">13829954</controlfield><controlfield tag="008">860708d18871969txuwr ne      0    0eng d</controlfield><datafield ind1=" " ind2=" " tag="010"><subfield code="a">sn 86088027 </subfield></datafield><datafield ind1=" " ind2=" " tag="040"><subfield code="a">PPM</subfield><subfield code="b">eng</subfield><subfield code="c">PPM</subfield><subfield code="d">OCLCQ</subfield></datafield><datafield ind1=" " ind2=" " tag="042"><subfield code="a">msc</subfield></datafield><datafield ind1="0" ind2="4" tag="245"><subfield code="a">The Baird star.</subfield></datafield><datafield ind1=" " ind2=" " tag="260"><subfield code="a">Baird, Tex. :</subfield><subfield code="b">W.E. Gilliland</subfield></datafield><datafield ind1=" " ind2=" " tag="300"><subfield code="a">v. :</subfield><subfield code="b">ill.</subfield></datafield><datafield ind1=" " ind2=" " tag="310"><subfield code="a">Weekly</subfield></datafield><datafield ind1="1" ind2=" " tag="362"><subfield code="a">Began with Dec. 8, 1887 issue.</subfield></datafield><datafield ind1="1" ind2=" " tag="362"><subfield code="a">Ceased in 1969.</subfield></datafield><datafield ind1=" " ind2=" " tag="588"><subfield code="a">Description based on: Vol. 7, no. 4 (Dec. 29, 1893).</subfield></datafield><datafield ind1=" " ind2=" " tag="752"><subfield code="a">United States</subfield><subfield code="b">Texas</subfield><subfield code="c">Callahan</subfield><subfield code="d">Baird.</subfield></datafield><datafield ind1="0" ind2="4" tag="780"><subfield code="t">Baird weekly star</subfield><subfield code="w">(DLC)sn 86088025</subfield></datafield><datafield ind1="0" ind2="4" tag="780"><subfield code="t">Callahan County clarendon</subfield><subfield code="w">(DLC)sn 86088540</subfield></datafield><datafield ind1="0" ind2="7" tag="785"><subfield code="t">Clyde news</subfield><subfield code="w">(DLC)sn</subfield><subfield code="w">(DLC)sn 86088418</subfield></datafield><datafield ind1="0" ind2="7" tag="785"><subfield code="t">Callahan County star</subfield><subfield code="w">(DLC)sn 86088050</subfield></datafield></record>